@Book{knuth:84,
  author = 	 {Donald E. Knuth},
  title = 	 {The {\TeX} Book},
  publisher = 	 {Addison-Wesley},
  year = 	 {1984},
  edition = 	 {15th}
}

% Tese de Doutorado
@PHDTHESIS{PaquetePhD,
  AUTHOR = {L.~Paquete},
  TITLE = {Stochastic Local Search Algorithms for Multiobjective Combinatorial
Optimization Problems: Methods and Analysis},
  SCHOOL = {Techniche Universit\"at Darmstadt},
  YEAR = {2005}
}


% Relatorio tecnico
@TechReport{Jaszkiewicz,
AUTHOR={ Andrzej Jaszkiewicz},
TITLE={Genetic local search for multiple objective combinatorial optimization},
YEAR=1998,
INSTITUTION={Institute of Computing Science, Poznan University of Technology},
NUMBER={RA-014/98}
}

% Capitulo de Livro
@InBook{KnowlesBoundedPareto,
  author = 	 {Joshua Knowles and David Corne},
  editor = 	 {X. Gandibleux and M. Sevaux and K. S\"orensen and V. \relax{T'Kindt}},
  title = 	 {Metaheuristics for Multiobjective Optimisation},
  chapter = 	 {Bounded {P}areto Archiving: Theory and Practice},
  publisher = 	 {Springer},
  year = 	 {2004},
  volume = 	 {535},
  series = 	 {Lecture Notes in Economics and Mathematical Systems},
  pages = 	 {39--64},
  OPTannote = 	 {ISBN: 3-540-20637-X }
}


% Artigo em anais de congresso
@InProceedings{KnowlesBoundedLebesgue,
  author = 	 {Joshua D. Knowles and David W. Corne and Mark Fleischer},
  title = 	 {Bounded Archiving using the {L}ebesgue Measure},
  booktitle = 	 {Proceedings of the IEEE Congress on Evolutionary Computation},
  pages = 	 {2490--2497},
  year = 	 {2003},
  publisher = {IEEE Press}
}


% Artigo de jornal
@Article{LopezPaqueteStu,
  AUTHOR = { Manuel L{\'o}pez-Ib{\'a}{\~n}ez  and  Lu\'is Paquete  and  Thomas St{\"u}tzle },
  TITLE = {Hybrid Population-based Algorithms for the
                  Bi-objective Quadratic Assignment Problem},
  JOURNAL = {Journal of Mathematical Modelling and Algorithms},
  YEAR = 2006,
  VOLUME = 5,
  NUMBER = 1,
  PAGES = {111--137}
 }
 
 
% Livro
@Book{Silberschatz,
  author =       {Silberschatz, Abraham and
                  Korth, Henry F. and
                  Sudarshan, S.},
  title =        {Database system concepts},
  publisher =    {McGraw-Hill},
  year =         {2002},
  edition =      {4th},
  address = {Boston}
}


%Referencia da Web
@Misc{DB2XML,
    author =     {Volker Turau},
    title =      {DB2XML 1.4: {Transforming} relational databases into {XML} documents},    
    month =     Oct,
    year =   {2001},
    note = {Out., 2001. Disponível em: <\url{http://www.informatik.fh-wiesbaden.de/~turau/DB2XML/index.html}>. Acesso em Abril 9, 2004},
}


% Dissertação de Mestrado
@mastersthesis{Angelo,
  AUTHOR =       "Angelo Agra",
  TITLE =        "Implementação de uma Proposta para Atualização de Bancos de Dados através de Visões",
  SCHOOL =       "Instituto de Informática, UFRGS",
  YEAR =         "2004",
  type =         "{Projeto de Diplomação}",
  address =      "Porto Alegre, RS, Brasil",
  month =        Jul
}

% ###########################################
% REFERÊNCIAS DISSERTAÇÃO
% ###########################################

@ARTICLE{6740844,
  author={A. {Zanella} and N. {Bui} and A. {Castellani} and L. {Vangelista} and M. {Zorzi}},
  journal={IEEE Internet of Things Journal}, 
  title={Internet of Things for Smart Cities}, 
  year={2014},
  volume={1},
  number={1},
  pages={22-32},
  doi={10.1109/JIOT.2014.2306328}
}

@INPROCEEDINGS{7248404,
  author={L. {Mainetti} and V. {Mighali} and L. {Patrono}},
  booktitle={2015 IEEE International Conference on Communications (ICC)}, 
  title={An IoT-based user-centric ecosystem for heterogeneous Smart Home environments}, 
  year={2015},
  volume={},
  number={},
  pages={704-709},
  doi={10.1109/ICC.2015.7248404}}
}

@INPROCEEDINGS{7313959,
  author={M. S. {Hasan} and H. {Yu}},
  booktitle={2015 21st International Conference on Automation and Computing (ICAC)}, 
  title={Innovative developments in HCI and future trends}, 
  year={2015},
  volume={},
  number={},
  pages={1-6},
  doi={10.1109/IConAC.2015.7313959}}
}

@ARTICLE{8246828,
  author={E. {Rubio-Drosdov} and D. {Díaz-Sánchez} and F. {Almenárez} and P. {Arias-Cabarcos} and A. {Marín}},
  journal={IEEE Transactions on Consumer Electronics}, 
  title={Seamless human-device interaction in the internet of things}, 
  year={2017},
  volume={63},
  number={4},
  pages={490-498},
  doi={10.1109TCE.2017.015076}}
}

@ARTICLE{10.1136/amiajnl-2011-000464,
    author = {Nadkarni, Prakash M and Ohno-Machado, Lucila and Chapman, Wendy W},
    title = "{Natural language processing: an introduction}",
    journal = {Journal of the American Medical Informatics Association},
    volume = {18},
    number = {5},
    pages = {544-551},
    year = {2011},
    month = {09},
    issn = {1067-5027},
    doi = {10.1136/amiajnl-2011-000464},
    url = {https://doi.org/10.1136/amiajnl-2011-000464},
    eprint = {https://academic.oup.com/jamia/article-pdf/18/5/544/5962687/18-5-544.pdf},
}

@article{article1515,
    author = {Mctear, Michael},
    year = {2002},
    month = {03},
    pages = {90-169},
    title = {Spoken Dialogue Technology: Enabling the Conversational User Interface},
    volume = {34},
    journal = {ACM Comput. Surv.},
    doi = {10.1145/505282.505285}
}

@article{LAGO2021101324,
  title = {Managing non-trivial internet-of-things systems with conversational assistants: A   prototype and a feasibility experiment},
  journal = {Journal of Computational Science},
  volume = {51},
  pages = {101324},
  year = {2021},
  issn = {1877-7503},
  doi = {https://doi.org/10.1016/j.jocs.2021.101324},
  url = {https://www.sciencedirect.com/science/article/pii/S1877750321000223},
  author = {André Sousa Lago and João Pedro Dias and Hugo Sereno Ferreira},
  keywords = {Internet-of-Things, Conversational assistants, Software engineering, Natural   language processing, Visual programming},
}

@INPROCEEDINGS{8795403,
  author={C. F. {Longo} and C. {Santoro} and F. F. {Santoro}},
  booktitle={2019 IEEE 28th International Conference on Enabling Technologies: Infrastructure for Collaborative Enterprises (WETICE)}, 
  title={Meaning Extraction in a Domotic Assistant Agent Interacting by Means of Natural Language}, 
  year={2019},
  volume={},
  number={},
  pages={21-26},
  doi={10.1109/WETICE.2019.00013}}
}

@INPROCEEDINGS{8245185,
  author={C. J. {Baby} and F. A. {Khan} and J. N. {Swathi}},
  booktitle={2017 Innovations in Power and Advanced Computing Technologies (i-PACT)}, 
  title={Home automation using IoT and a chatbot using natural language processing}, 
  year={2017},
  volume={},
  number={},
  pages={1-6},
  doi={10.1109/IPACT.2017.8245185}}
}

@INPROCEEDINGS{8261311,
  author={P. J. {Rani} and J. {Bakthakumar} and B. P. {Kumaar} and U. P. {Kumaar} and S. {Kumar}},
  booktitle={2017 Third International Conference on Science Technology Engineering   Management (ICONSTEM)}, 
  title={Voice controlled home automation system using Natural Language Processing (NLP) and Internet of Things (IoT)}, 
  year={2017},
  volume={},
  number={},
  pages={368-373},
  doi={10.1109/ICONSTEM.2017.8261311}}
}

@Article{designs3030032,
  AUTHOR = {Alexakis, George and Panagiotakis, Spyros and Fragkakis, Alexander and Markakis, Evangelos and Vassilakis, Kostas},
  TITLE = {Control of Smart Home Operations Using Natural Language Processing, Voice Recognition and IoT Technologies in a Multi-Tier Architecture},
  JOURNAL = {Designs},
  VOLUME = {3},
  YEAR = {2019},
  NUMBER = {3},
  ARTICLE-NUMBER = {32},
  URL = {https://www.mdpi.com/2411-9660/3/3/32}},
  ISSN = {2411-9660}
}

@INPROCEEDINGS{9334081,
  author={N. C. {Noruwana} and P. A. {Owolawi} and T. {Mapayi}},
  booktitle={2020 2nd International Multidisciplinary Information Technology and Engineering Conference (IMITEC)}, 
  title={Interactive IoT-based Speech-Controlled Home Automation System}, 
  year={2020},
  volume={},
  number={},
  pages={1-8},
  doi={10.1109/IMITEC50163.2020.9334081}
}

@article{kadali,
  author = {Kadali, Bhavyasri and Prasad, Neha and Kudav, Pranaya and Deshpande, Manoj},
  year = {2020},
  month = {01},
  pages = {01002},
  title = {Home Automation Using Chatbot and Voice Assistant},
  volume = {32},
  journal = {ITM Web of Conferences},
  doi = {10.1051/itmconf/20203201002}
}
@INPROCEEDINGS{8550972,
  author={F. D. {Jivani} and M. {Malvankar} and R. {Shankarmani}},
  booktitle={2018 International Conference on Current Trends towards Converging Technologies (ICCTCT)}, 
  title={A Voice Controlled Smart Home Solution With a Centralized Management Framework Implemented Using AI and NLP}, 
  year={2018},
  volume={},
  number={},
  pages={1-5},
  doi={10.1109/ICCTCT.2018.8550972}}
}

@INPROCEEDINGS{8661935,
  author={Hamdan, Omar and Shanableh, Hassan and Zaki, Inas and Al-Ali, A. R. and Shanableh, Tamer},
  booktitle={2019 IEEE International Conference on Consumer Electronics (ICCE)},
  title={IoT-Based Interactive Dual Mode Smart Home Automation}, 
  year={2019},
  volume={},
  number={},
  pages={1-2},
  doi={10.1109/ICCE.2019.8661935}}
}

@article{Austerjost2018IntroducingAV,
  title={Introducing a Virtual Assistant to the Lab: A Voice User Interface for the Intuitive Control of Laboratory Instruments},
  author={J. Austerjost and Marc Porr and Noah Riedel and D. Geier and T. Becker and T. Scheper and D. Marquard and P. Lindner and S. Beutel},
  journal={SLAS Technology},
  year={2018},
  volume={23},
  pages={476 - 482}
}

@article{Jacobs2018RefiningNI,
  title={Refining Network Intents for Self-Driving Networks},
  author={A. Jacobs and Ricardo Jos{\'e} Pfitscher and R. Ferreira and L. Granville},
  journal={Proceedings of the Afternoon Workshop on Self-Driving Networks},
  year={2018}
}

@inproceedings{alibaba,
author = {Tian, Bingchuan and Zhang, Xinyi and Zhai, Ennan and Liu, Hongqiang Harry and Ye, Qiaobo and Wang, Chunsheng and Wu, Xin and Ji, Zhiming and Sang, Yihong and Zhang, Ming and Yu, Da and Tian, Chen and Zheng, Haitao and Zhao, Ben Y.},
title = {Safely and Automatically Updating In-Network ACL Configurations with Intent Language},
year = {2019},
isbn = {9781450359566},
publisher = {Association for Computing Machinery},
address = {New York, NY, USA},
url = {https://doi.org/10.1145/3341302.3342088},
doi = {10.1145/3341302.3342088},
booktitle = {Proceedings of the ACM Special Interest Group on Data Communication},
pages = {214–226},
numpages = {13},
location = {Beijing, China},
series = {SIGCOMM '19}
}

@INPROCEEDINGS{8806662,
  author={Riftadi, Mohammad and Kuipers, Fernando},
  booktitle={2019 IEEE Conference on Network Softwarization (NetSoft)}, 
  title={P4I/O: Intent-Based Networking with P4}, 
  year={2019},
  volume={},
  number={},
  pages={438-443},
  doi={10.1109/NETSOFT.2019.8806662}}
}

@inproceedings{Lumi,
  author = {Jacobs, Arthur S. and Pfitscher, Ricardo J. and Ribeiro, Rafael H. and Ferreira, Ronaldo A. and Granville, Lisandro Z. and Rao, Sanjay G.},
  title = {Deploying Natural Language Intents with Lumi},
  year = {2019},
  isbn = {9781450368865},
  publisher = {Association for Computing Machinery},
  address = {New York, NY, USA},
  url = {https://doi.org/10.1145/3342280.3342315},
  doi = {10.1145/3342280.3342315},
  booktitle = {Proceedings of the ACM SIGCOMM 2019 Conference Posters and Demos},
  pages = {82–84},
  numpages = {3},
  keywords = {Natural Language Processing, Intent-based Networking, Machine Learning},
  location = {Beijing, China},
  series = {SIGCOMM Posters and Demos '19}
}

@INPROCEEDINGS{8116375,
  author={Alsudais, Azzam and Keller, Eric},
  booktitle={2017 IEEE Conference on Computer Communications Workshops (INFOCOM WKSHPS)}, 
  title={Hey network, can you understand me?}, 
  year={2017},
  volume={},
  number={},
  pages={193-198},
  doi={10.1109/INFCOMW.2017.8116375}
}

@misc{IBGE2010,
  author = {IBGE},
  title = {Censo Demográfico 2010},
  year = 2010,
  howpublished = {Disponível em: \url{https://biblioteca.ibge.gov.br/visualizacao/periodicos/94/cd_2010_religiao_deficiencia.pdf}},
  note = "Acesso em: 25 de jun. de 2021"
}

@Article{Lei:13146:2015,
  author       = {Brasil},
  title        = {Lei Nº 13.146, DE 6 DE julho de 2015. 
Institui a Lei Brasileira de Inclusão da Pessoa com Deficiência (Estatuto da Pessoa com Deficiência)},
  journal      = {Diário Oficial [da] República Federativa do Brasil},
  year         = {2015},
  date         = {2015-07-07},
  organization = {Brasil},
  url          = {http://www.planalto.gov.br/ccivil_03/_ato2015-2018/2015/lei/l13146.htm},
  urldate      = {2021-06-27},
  address      = {Brasília, DF},
  shorttitle   = {Lei nº 13.146/2015},
}

@misc{opinionbox21,
  author = {Mobile Time and Opinion Box},
  title = {Mensageria no Brasil},
  year = 2020,
  howpublished = {Disponível em: \url{https://www.mobiletime.com.br/pesquisas/mensageria-no-brasil-fevereiro-de-2021/}},
  note = "Acesso em: 29 de ago. de 2021"
}

@misc{Analyst2016IoTP,
  author={Lucero, S},
  title={IoT platforms : enabling the Internet of Things},
  year=2016,
  howpublished = {Disponível em: \url{https://cdn.ihs.com/www/pdf/enabling-IOT.pdf}},
  note = "Acesso em: 30 de ago. de 2021"
}
  
@inproceedings{10.1145/3229584.3229585,
  author = {Liu, Hongqiang Harry and Wu, Xin and Zhou, Wei and Chen, Weiguo and Wang, Tao and Xu, Hui and Zhou, Lei and Ma, Qing and Zhang, Ming},
  title = {Automatic Life Cycle Management of Network Configurations},
  year = {2018},
  isbn = {9781450359146},
  publisher = {Association for Computing Machinery},
  address = {New York, NY, USA},
  url = {https://doi.org/10.1145/3229584.3229585},
  doi = {10.1145/3229584.3229585},
  booktitle = {Proceedings of the Afternoon Workshop on Self-Driving Networks},
  pages = {29–35},
  numpages = {7},
  keywords = {Automation, Configuration, Lifecycle, Self-driving Network},
  location = {Budapest, Hungary},
  series = {SelfDN 2018}
}

@Article{Lei:14108:2020,
  author       = {Brasil},
  title        = {Lei nº 14.108 de 16 de Dezembro de 2020.},
  journal      = {Diário Oficial [da] República Federativa do Brasil},
  year         = {2020},
  date         = {2020-12-16},
  organization = {Brasil},
  url          = {http://www.planalto.gov.br/ccivil_03/_ato2019-2022/2020/lei/L14108.htm},
  urldate      = {2021-08-31},
  address      = {Brasília, DF},
  shorttitle   = {Lei nº 14.108/2020},
}

@Techreport{reportjuniper,
   author= {Duibhir, Donal O},
   title= {The 2020 State of Network Automation},
   organization= {Juniper Networks,Inc},
   year= {2020},
   howpublished = {Disponível em: \url{https://www.juniper.net/us/en/forms/2020-state-of-network-automation-report.html}},
   note = "Acesso em: 14 de set. de 2021"
}

@article{chopra2013natural,
  title={Natural language processing},
  author={Chopra, Abhimanyu and Prashar, Abhinav and Sain, Chandresh},
  journal={International journal of technology enhancements and emerging engineering research},
  volume={1},
  number={4},
  pages={131--134},
  year={2013},
  publisher={Citeseer}
}

@inbook{10.5555/1074100.1074630,
author = {Allen, James F.},
title = {Natural Language Processing},
year = {2003},
isbn = {0470864125},
publisher = {John Wiley and Sons Ltd.},
address = {GBR},
booktitle = {Encyclopedia of Computer Science},
pages = {1218–1222},
numpages = {5}
}